@INPROCEEDINGS{ref_pap,  
author={Wild, Alexander and Becker, Georg T. and GÃ¼neysu, Tim},  
booktitle={2017 27th International Conference on Field Programmable Logic and Applications (FPL)},   
title={A fair and comprehensive large-scale analysis of oscillation-based PUFs for FPGAs},   
year={2017},  
volume={},  
number={},  
pages={1-7},  
doi={10.23919/FPL.2017.8056795}}